@article{Dirac1953888,
  title   = "The lorentz transformation and absolute time",
  journal = "Physica ",
  volume  = "19",
  number  = "1-â€“12",
  pages   = "888--896",
  year    = "1953",
  doi     = "10.1016/S0031-8914(53)80099-6",
  author  = "P.A.M. Dirac"
}

@article{Feynman1963118,
  title   = "The theory of a general quantum system interacting with a linear dissipative system",
  journal = "Annals of Physics ",
  volume  = "24",
  pages   = "118--173",
  year    = "1963",
  doi     = "10.1016/0003-4916(63)90068-X",
  author  = "R.P Feynman and F.L {Vernon Jr.}"
}

@article{brauneis2018price,
  title={Price discovery of cryptocurrencies: Bitcoin and beyond},
  author={Brauneis, Alexander and Mestel, Roland},
  journal={Economics Letters},
  volume={165},
  pages={58--61},
  year={2018},
  publisher={Elsevier}
}

@article{balcilar2017can,
  title={Can volume predict Bitcoin returns and volatility? A quantiles-based approach},
  author={Balcilar, Mehmet and Bouri, Elie and Gupta, Rangan and Roubaud, David},
  journal={Economic Modelling},
  volume={64},
  pages={74--81},
  year={2017},
  publisher={Elsevier}
}

@article{ali2014economics,
  title={The economics of digital currencies},
  author={Ali, Robleh and Barrdear, John and Clews, Roger and Southgate, James},
  journal={Bank of England Quarterly Bulletin},
  pages={Q3},
  year={2014}
}

@article{kristoufek2013bitcoin,
  title={BitCoin meets Google Trends and Wikipedia: Quantifying the relationship between phenomena of the Internet era},
  author={Kristoufek, Ladislav},
  journal={Scientific reports},
  volume={3},
  pages={3415},
  year={2013},
  publisher={Nature Publishing Group}
}
@article{zhang2018quantifying,
  title={Quantifying the cross-correlations between online searches and Bitcoin market},
  author={Zhang, Wei and Wang, Pengfei and Li, Xiao and Shen, Dehua},
  journal={Physica A: Statistical Mechanics and its Applications},
  volume={509},
  pages={657--672},
  year={2018},
  publisher={Elsevier}
}
@article{briere2015virtual,
  title={Virtual currency, tangible return: Portfolio diversification with bitcoin},
  author={Briere, Marie and Oosterlinck, Kim and Szafarz, Ariane},
  journal={Journal of Asset Management},
  volume={16},
  number={6},
  pages={365--373},
  year={2015},
  publisher={Springer}
}
@article{bouri2019co,
  title={Co-explosivity in the cryptocurrency market},
  author={Bouri, Elie and Shahzad, Syed Jawad Hussain and Roubaud, David},
  journal={Finance Research Letters},
  volume={29},
  pages={178--183},
  year={2019},
  publisher={Elsevier}
}
@article{briere2015virtual,
  title={Virtual currency, tangible return: Portfolio diversification with bitcoin},
  author={Briere, Marie and Oosterlinck, Kim and Szafarz, Ariane},
  journal={Journal of Asset Management},
  volume={16},
  number={6},
  pages={365--373},
  year={2015},
  publisher={Springer}
}
@article{cheah2015speculative,
  title={Speculative bubbles in Bitcoin markets? An empirical investigation into the fundamental value of Bitcoin},
  author={Cheah, Eng-Tuck and Fry, John},
  journal={Economics Letters},
  volume={130},
  pages={32--36},
  year={2015},
  publisher={Elsevier}
}
@inproceedings{baur2015cryptocurrencies,
  title={Cryptocurrencies as a disruption? empirical findings on user adoption and future potential of bitcoin and co},
  author={Baur, Aaron W and B{\"u}hler, Julian and Bick, Markus and Bonorden, Charlotte S},
  booktitle={Conference on e-Business, e-Services and e-Society},
  pages={63--80},
  year={2015},
  organization={Springer}
}
@article{baur2018bitcoin,
  title={Bitcoin, gold and the US dollar--A replication and extension},
  author={Baur, Dirk G and Dimpfl, Thomas and Kuck, Konstantin},
  journal={Finance Research Letters},
  volume={25},
  pages={103--110},
  year={2018},
  publisher={Elsevier}
}
@article{trabelsi2018there,
  title={Are There Any Volatility Spill-Over Effects among Cryptocurrencies and Widely Traded Asset Classes?},
  author={Trabelsi, Nader},
  journal={Journal of Risk and Financial Management},
  volume={11},
  number={4},
  pages={66},
  year={2018},
  publisher={Multidisciplinary Digital Publishing Institute}
}